<?xml version="1.0" encoding="utf-8"?>
<record xmlns="http://www.loc.gov/MARC21/slim" xmlns:xsi="http://www.w3.org/2001/XMLSchema-instance" xsi:schemaLocation="http://www.loc.gov/MARC21/slim http://www.loc.gov/standards/marcxml/schema/MARC21slim.xsd">
	<leader>     nam a22     Mi 4500</leader>
	<controlfield tag="001">2579857</controlfield>
	<controlfield tag="003">NjP</controlfield>
	<controlfield tag="006">m        d        </controlfield>
	<controlfield tag="007">cr cn |||m|||a</controlfield>
	<controlfield tag="008">200430m19091910ua      o     000 0 ara d</controlfield>
	<datafield ind1=" " ind2=" " tag="040">
		<subfield code="a">ZYU</subfield>
		<subfield code="b">ara</subfield>
		<subfield code="e">rda</subfield>
		<subfield code="c">ZYU</subfield>
	</datafield>
	<datafield ind1="0" ind2="3" tag="245">
		<subfield code="6">880-01</subfield>
		<subfield code="a">al-Majmūʻ al-mushtamil ʻalá Sharḥ Quṭb al-Dīn Maḥmūd ibn Muḥammad al-Rāzī lil-Risālah al-shamsīyah fī al-manṭiq /</subfield>
		<subfield code="c">taʼlīf Najm al-Dīn ʻUmar ibn ʻAlī al-Qazwīnī al-maʻrūf bi-al-Kātibī.  , wa-ʻalá Ḥāshiyat al-muḥaqqiq al-Sayyid al-Sharīf ʻAlī ibn Muḥammad al-Jurjānī  wa-ʻalá Ḥāshiyat al-ʻAllāmah ʻAbd al-Ḥakīm al-Siyālkūtī, wa-ḥāshiyat al-ʻAllāmah al-Dasūqī, wa-ḥāshiyat al-Mawlá ʻIṣām al-Dīn ʻalá Sharḥ al-Quṭb wa-taqrīr Mawlānā al-ʻAllāmah al-muḥaqqiq ṣāḥib al-faḍīlah al-Shaykh ʻAbd al-Raḥmān al-Shirbīnī  ʻalá ḥāshiyat ʻAbd al-Ḥakīm wa-ḥāshiyat al-Jalāl al-Dawwānī wa-sharḥ al-Saʻd ʻalá al-Shamsīyah.</subfield>
	</datafield>
	<datafield ind1=" " ind2=" " tag="260">
		<subfield code="6">880-02</subfield>
		<subfield code="a">[Cairo] :</subfield>
		<subfield code="b">al-Maṭbaʻah al-Amīrīyah,</subfield>
		<subfield code="c">1905.</subfield>
	</datafield>
	<datafield ind1=" " ind2=" " tag="300">
		<subfield code="a">online resource (2 volumes in 1.)</subfield>
	</datafield>
	<datafield ind1=" " ind2=" " tag="336">
		<subfield code="a">text</subfield>
		<subfield code="2">rdacontent</subfield>
	</datafield>
	<datafield ind1=" " ind2=" " tag="337">
		<subfield code="a">computer</subfield>
		<subfield code="2">rdamedia</subfield>
	</datafield>
	<datafield ind1=" " ind2=" " tag="338">
		<subfield code="a">online resource</subfield>
		<subfield code="2">rdacarrier</subfield>
	</datafield>
	<datafield ind1=" " ind2=" " tag="500">
		<subfield code="a">Part of the Arabic Collections Online (ACO) project, contributed by Princeton University Libraries.</subfield>
	</datafield>
	<datafield ind1=" " ind2=" " tag="533">
		<subfield code="a">Electronic reproduction.</subfield>
		<subfield code="b">New York, N.Y. :</subfield>
		<subfield code="c">New York University,</subfield>
		<subfield code="d">2020.</subfield>
		<subfield code="5">NNU</subfield>
	</datafield>
	<datafield ind1=" " ind2=" " tag="546">
		<subfield code="a">In Arabic.</subfield>
	</datafield>
	<datafield ind1=" " ind2="0" tag="650">
		<subfield code="a">Logic</subfield>
		<subfield code="v">Early works to 1800.</subfield>
	</datafield>
	<datafield ind1="1" ind2=" " tag="700">
		<subfield code="6">880-03</subfield>
		<subfield code="a">Quṭb al-Taḥtānī, Muḥammad ibn Muḥammad,</subfield>
		<subfield code="d">1294 or 1295-1364 or 1365.</subfield>
	</datafield>
	<datafield ind1="1" ind2=" " tag="700">
		<subfield code="6">880-04</subfield>
		<subfield code="a">Jurjānī, ʻAlī ibn Muḥammad,</subfield>
		<subfield code="c">al-Sayyid al-Sharīf,</subfield>
		<subfield code="d">1340-1413.</subfield>
	</datafield>
	<datafield ind1="1" ind2=" " tag="700">
		<subfield code="6">880-05</subfield>
		<subfield code="a">Qazwīnī, ʻAlī ibn ʻUmar,</subfield>
		<subfield code="d">1203 or 1204-1276 or 1277.</subfield>
	</datafield>
	<datafield ind1="2" ind2=" " tag="710">
		<subfield code="a">Princeton University.</subfield>
		<subfield code="b">Library.</subfield>
	</datafield>
	<datafield ind1="0" ind2=" " tag="730">
		<subfield code="a">Arabic Collections Online.</subfield>
	</datafield>
	<datafield ind1="0" ind2="8" tag="776">
		<subfield code="i">Print version:</subfield>
		<subfield code="t">al-Majmūʻ al-mushtamil ʻalá Sharḥ Quṭb al-Dīn Maḥmūd ibn Muḥammad al-Rāzī lil-Risālah al-shamsīyah fī al-manṭiq</subfield>
		<subfield code="w">(NjP)2579857</subfield>
		<subfield code="w">(OCoLC)41973446</subfield>
	</datafield>
	<datafield ind1="4" ind2="0" tag="856">
		<subfield code="u">http://hdl.handle.net/2333.1/wstqk0tk</subfield>
	</datafield>
	<datafield ind1="0" ind2="2" tag="880">
		<subfield code="6">245-01</subfield>
		<subfield code="a">المجموع المشتمل على شرح قطب الدين محمود بن محمد الرازي للرسالة الشمسية في المنطق /</subfield>
		<subfield code="c">تأليف نجم الدين عمر بن علي القزويني المعروف بالكاتبي.  ، وعلى حاشية المحقق السيد الشريف علي بن محمد الجرجاني  وعلى حاشية العلامة عبد الحكيم السيالكوتي، وحاشية العلامة الدسوقي، وحاشية المولى عاصام الدين على شرح القطب وتقرير مولانا العلامة المحقق صاحب الفضيلة الشيخ عبد الرحمن الشربيني  على حاشية عبد الحكيم وحاشية الجلال الدواني وشرح السعد على الشمسية.</subfield>
	</datafield>
	<datafield ind1=" " ind2=" " tag="880">
		<subfield code="6">260-02</subfield>
		<subfield code="a">[القاهرة] :</subfield>
		<subfield code="b">المطبعة الاميرية،</subfield>
		<subfield code="c">1905.</subfield>
	</datafield>
	<datafield ind1="1" ind2=" " tag="880">
		<subfield code="6">700-03</subfield>
		<subfield code="a">قطب التحتاني، محمد بن محمد،</subfield>
		<subfield code="d">1294 or 1295-1364 or 1365.</subfield>
	</datafield>
	<datafield ind1="1" ind2=" " tag="880">
		<subfield code="6">700-04</subfield>
		<subfield code="a">جرجاني، علي بن محمد،</subfield>
		<subfield code="c">السيد الشريف،</subfield>
		<subfield code="d">1340-1413.</subfield>
	</datafield>
	<datafield ind1="1" ind2=" " tag="880">
		<subfield code="6">700-05</subfield>
		<subfield code="a">قزويني، علي بن عمر، </subfield>
		<subfield code="d">1203 or 1204-1276 or 1277.</subfield>
	</datafield>
	<datafield ind1=" " ind2=" " tag="959">
		<subfield code="a">NNU</subfield>
		<subfield code="b">WEB</subfield>
		<subfield code="c">GENI</subfield>
		<subfield code="t">0</subfield>
		<subfield code="m">Electronic access</subfield>
		<subfield code="s">01</subfield>
	</datafield>
	<datafield ind1=" " ind2=" " tag="999">
		<subfield code="i">NjP_2579857</subfield>
		<subfield code="o">(OCoLC)ocm41973446</subfield>
		<subfield code="s">princeton_aco004397:v. 1-2</subfield>
		<subfield code="e">(ERROR-880)(ERROR-MISC)</subfield>
		<subfield code="s">princeton_aco004397:v. 1-2</subfield>
	</datafield>
</record>
